@techreport{TTS,
author={Vladimir Voevodsky},
title={A simple type system with two identity types},
url={http://uf-ias-2012.wikispaces.com/file/view/HTS.pdf/410120566/HTS.pdf},
note={\url{http://uf-ias-2012.wikispaces.com/file/view/HTS.pdf/410120566/HTS.pdf}},
year=2013}

@techreport{Coquand:simplicial,
       author={Thierry Coquand and Simon Huber},
       title={Simplicial sets model of type theory},
       url={http://www.cse.chalmers.se/~coquand/decuniv.pdf},
       note={\url{http://www.cse.chalmers.se/~coquand/decuniv.pdf}},
       year=2013}

@incollection{hofmann:syntax-and-semantics,
        Address = {Cambridge},
        Author = {Hofmann, Martin},
        Booktitle = {Semantics and logics of computation ({C}ambridge, 1995)},
        Doi = {10.1017/CBO9780511526619.004},
        Mrclass = {03B70 (68N15 68Q55)},
        Mrnumber = {1629519},
        Pages = {79--130},
        Publisher = {Cambridge Univ. Press},
        Series = {Publ. Newton Inst.},
        Title = {Syntax and semantics of dependent types},
        Url = {http://dx.doi.org/10.1017/CBO9780511526619.004},
        Volume = {14},
        Year = {1997},
        Bdsk-Url-1 = {http://dx.doi.org/10.1017/CBO9780511526619.004}}

@article{LumsdaineWarren,
  title={The local universe model of type theory},
  author={Lumsdaine, P. and Warren, M.},
  journal={In preparation}, 
  year=2013
}

@article{shulman2012univalence,
  title={The univalence axiom for inverse diagrams, oplax limits, and gluing, and homotopy canonicity},
  author={Shulman, M.},
  note={\url{http://arxiv.org/abs/1203.3253}},
  eprint={ArXiV:1203.3253},
  year={2012}
}

@Book{Mines/R/R:1988,
  Author         = {Mines, R. and Richman, F. and Ruitenburg, W.},
  Title          = {A course in constructive algebra},
  Publisher      = {Springer},
  year           = 1988
}

@unpublished{RijkeSpitters:Sets,
author={Rijke, E. and Spitters, B.},
title={Sets in homotopy type theory},
note={In preparation},
year=2013
}

@unpublished{RijkeSpitters:colims,
author={Rijke, E. and Spitters, B.},
title={Limits and colimits in homotopy type theory},
note={In preparation},
year=2013
}


@article{Avigad:limits,
author={Avigad, J. and Kapulkin, K. and Lumsdaine, P.},
title={Homotopy limits in {C}oq},
eprint={arXiv:1304.0680},
year=2013
}

@article{Streicher:sstt,
author={Streicher, T.},
title={A Model of Type Theory in Simplicial Sets},
year=2011
}

@unpublished{1categories,
        Author = {Ahrens, B. and Kapulkin, K. and Shulman, M.},
        Note = {arXiv:1303.0584},
        eprint={arXiv:1303.0584},
        Title = {Univalent categories and the {R}ezk completion},
        Year = {2013}}

@Book{johnstone:elephant,
  author =       {Johnstone, P.},
  title =        {Sketches of an elephant: A topos theory compendium},
  publisher =    {Oxford},
  year =         2002
}

@incollection{MacLaneMoerdijk,
    AUTHOR = {Mac Lane, S. and Moerdijk, I.},
     TITLE = {Topos theory},
 BOOKTITLE = {Handbook of algebra, {V}ol.\ 1},
    SERIES = {Handb. Algebr.},
    VOLUME = {1},
     PAGES = {501--528},
 PUBLISHER = {Elsevier},
      YEAR = {1996},
       DOI = {10.1016/S1570-7954(96)80018-0},
}

@article{pelayo2013preliminary,
  title={A preliminary univalent formalization of the p-adic numbers},
  author={Pelayo, {\'A}. and Voevodsky, V. and Warren, M.},
  journal={arXiv:1302.1207},
  eprint={arXiv:1302.1207},
  year={2013}
}

@incollection{aczel2002collection,
        Author = {Aczel, P. and Gambino, N.},
        Booktitle = {Types for proofs and programs},
        Pages = {1--23},
        Publisher = {Springer},
        Title = {Collection principles in dependent type theory},
        Year = {2002}}

@article{maietti2005toward,
        Author = {Maietti, M. and Sambin, G.},
        Journal = {From Sets and Types to Topology and Analysis: Practicable Foundations for Constructive Mathematics},
        Pages = {91--114},
        Publisher = {Oxford Logic Guides},
        Title = {Toward a minimalist foundation for constructive mathematics},
        Volume = {48},
        Year = {2005}}

@phdthesis{Spiwack,
        Author = {Spiwack, A.},
        School = {{\'Ecole Polytechnique, Palaiseau, France}},
        Title = {A Journey Exploring the Power and Limits of Dependent Type Theory},
        Year = 2011}

@misc{aczel2001notes,
  title={Notes on constructive set theory},
  author={Aczel, P. and Rathjen, M.},
  year={2001},
  publisher={Report}
}

@book{martin1984intuitionistic,
  title={An intuitionistic theory of types},
  author={Martin-L{\"o}f, P.},
  year={1984},
  publisher={Bibliopolis}
}

@techreport{TheBook,
        Author = {{U}nivalent Foundations Program, The},
        Institution = {Institute for Advanced Study},
        Title = {Homotopy type theory: Univalent foundations of mathematics},
        note={\url{http://homotopytypetheory.org/book/}},
        Year = {2013}}

@book{agda,
  title={Towards a practical programming language based on dependent type theory},
  author={Norell, U.},
  year={2007},
  publisher={Chalmers University of Technology}
}

@unpublished{Universe-poly,
author={V. Voevodsky},
title ={A universe polymorphic type system},
url={\url{http://uf-ias-2012.wikispaces.com/file/view/Universe%20polymorphic%20type%20sytem.pdf/371099118/Universe%20polymorphic%20type%20sytem.pdf}},
year=2012
}

@article{palmgren2012constructivist,
  title={Constructivist and structuralist foundations: Bishop’s and Lawvere’s theories of sets},
  author={Palmgren, E.},
  journal={Annals of Pure and Applied Logic},
  year={2012},
  publisher={Elsevier}
}

@book{lawvere2003sets,
  title={Sets for mathematics},
  author={Lawvere, F. and Rosebrugh, R.},
  year={2003},
  publisher={Cambridge}
}

@unpublished{Shulman:HIT,
author={M. Shulman},
title={A tentative proposal for a general syntax of higher inductive types},
note={\url{http://uf-ias-2012.wikispaces.com/file/view/syntax.pdf/382449944/syntax.pdf}},
year=2012
}

@unpublished{LumsdaineShulman,
author={Lumsdaine, P. and Shulman, M.},
title={Higher inductive types},
note={In preparation},
year={2013}
}

@inproceedings{SchreiberShulman,
author={Schreiber, U. and Shulman, M.},
title={Quantum gauge field theory in cohesive homotopy type theory (Extended abstract)}, 
year=2012,
booktitle={Quantum Physics and Logic 2012}
}

@inproceedings{licata2012canonicity,
  title={Canonicity for 2-dimensional type theory},
  author={Licata, D. and Harper, R.},
  booktitle={Proceedings of the 39th annual ACM SIGPLAN-SIGACT symposium on Principles of programming languages},
  pages={337--348},
  year={2012},
  organization={ACM}
}

@article{fourman1979sheaf,
  title={Sheaf models for analysis},
  author={Fourman, M. and Hyland, J.},
  journal={Applications of sheaves},
  pages={280--301},
  year={1979},
  publisher={Springer}
}

@article{hofmann1998groupoid,
  title={The groupoid interpretation of type theory},
  author={Hofmann, M. and Streicher, T.},
  journal={Twenty-five years of constructive type theory (Venice, 1995)},
  volume={36},
  pages={83--111},
  year={1998}
}

@phdthesis{hofmann1995extensional,
  title={Extensional concepts in intensional type theory},
  author={Hofmann, M.},
  School = {University of Edinburgh},
  year={1995},
  publisher={University of Edinburgh. College of Science and Engineering. School of Informatics.}
}

@Unpublished{coquand2012constructive,
  author =       {Barras, B. and Coquand, T. and Huber, S.},
  title =        {A Generalization of {T}akeuti-{G}andy Interpretation},
  note =         {\url{http://uf-ias-2012.wikispaces.com/file/view/semi.pdf}},
  year =      2013}


@article{awodey2012type,
  title={Type theory and homotopy},
  author={Awodey, S.},
  journal={Epistemology versus Ontology},
  pages={183--201},
  year={2012},
  publisher={Springer}
}

@article{kapulkin2012univalence,
  title={The Simplicial Model of Univalent Foundations},
  author={Kapulkin, K. and Lumsdaine, P. and Voevodsky, V.},
  journal={\url{http://arxiv.org/abs/1211.2851}},
  eprint={arXiv:1211.2851},
  year={2012}
}

@article{pelayo2012homotopy,
  title={Homotopy type theory and {V}oevodsky's univalent foundations},
  author={Pelayo, {\'A}. and Warren, M.},
  journal={arXiv:1210.5658},
  eprint={1210.5658},
  year={2012}
}

@book{jacobs1999categorical,
  title={Categorical logic and type theory},
  author={Jacobs, B.},
  volume={141},
  year={1999},
  publisher={Elsevier}
}

@book{lambek1988introduction,
  title={Introduction to higher-order categorical logic},
  author={Lambek, J. and Scott, P.},
  volume={7},
  year={1988},
  publisher={Cambridge University Press}
}

@article{malatesta2012small,
  title={Small Induction Recursion, Indexed Containers and Dependent Polynomials are equivalent},
  author={Malatesta, L. and Altenkirch, T. and Ghani, N. and Hancock, P. and McBride, C.},
  journal={Submitted for Publication},
  year={2012}
}

@inproceedings{jaber2012extending,
  title={Extending type theory with forcing},
  author={Jaber, G. and Tabareau, N. and Sozeau, M.},
  booktitle={Logic in Computer Science (LICS), 2012 27th Annual IEEE Symposium on},
  pages={395--404},
  year={2012},
  organization={IEEE}
}

@inproceedings{werner1997sets,
  title={Sets in types, types in sets},
  author={Werner, B.},
  booktitle={Theoretical aspects of computer software},
  pages={530--546},
  year={1997},
  organization={Springer}
}

@book{Coq,
        author = {{Coq Development Team}},
        title = {The {C}oq Proof Assistant Reference Manual},
        publisher = {INRIA-Rocquencourt},
        year = {2012}
}

@unpublished{Shulman2013,
author={Shulman, M.},
title={Higher modalities},
URL={\url{http://uf-ias-2012.wikispaces.com/file/view/modalitt.pdf/376001920/modalitt.pdf}},
NOTE={\url{http://uf-ias-2012.wikispaces.com/file/view/modalitt.pdf/376001920/modalitt.pdf}}
}

@article{rezk2010toposes,
  title={Toposes and homotopy toposes (version 0.15)},
  author={Rezk, C.},
  year={2010}
}

@book{lurie2009higher,
  title={Higher topos theory},
  author={Lurie, J.},
  volume={170},
  year={2009},
  publisher={Princeton University Press}
}

@article {MoerdijkPalmgren2002,
    AUTHOR = {Moerdijk, I. and Palmgren, E.},
     TITLE = {Type theories, toposes and constructive set theory:
              predicative aspects of {AST}},
      NOTE = {Commemorative Symposium Dedicated to Anne S. Troelstra
              (Noordwijkerhout, 1999)},
   JOURNAL = {Ann. Pure Appl. Logic},
  FJOURNAL = {Annals of Pure and Applied Logic},
    VOLUME = {114},
      YEAR = {2002},
    NUMBER = {1-3},
     PAGES = {155--201},
       DOI = {10.1016/S0168-0072(01)00079-3},
       URL = {http://dx.doi.org/10.1016/S0168-0072(01)00079-3},
}

@inproceedings {MoerdijkPalmgren2000,
    AUTHOR = {Moerdijk, I. and Palmgren, E.},
     TITLE = {Wellfounded trees in categories},
 BOOKTITLE = {Proceedings of the {W}orkshop on {P}roof {T}heory and
              {C}omplexity, {PTAC}'98 ({A}arhus)},
   JOURNAL = {Ann. Pure Appl. Logic},
    VOLUME = {104},
      YEAR = {2000},
    NUMBER = {1-3},
     PAGES = {189--218},
      ISSN = {0168-0072},
       DOI = {10.1016/S0168-0072(00)00012-9},
       URL = {http://dx.doi.org/10.1016/S0168-0072(00)00012-9},
}

@incollection {Palmgren1998,
    AUTHOR = {Palmgren, E.},
     TITLE = {On universes in type theory},
 BOOKTITLE = {Twenty-five years of constructive type theory ({V}enice,
              1995)},
    SERIES = {Oxford Logic Guides},
    VOLUME = {36},
     PAGES = {191--204},
 PUBLISHER = {Oxford Univ. Press},
      YEAR = {1998}
}

@article {Wilander2010,
    AUTHOR = {Wilander, O.},
     TITLE = {Setoids and universes},
   JOURNAL = {Math. Structures Comput. Sci.},
    VOLUME = {20},
      YEAR = {2010},
    NUMBER = {4},
     PAGES = {563--576},
       DOI = {10.1017/S0960129510000071},
       URL = {http://dx.doi.org/10.1017/S0960129510000071},
}

@article {AwodeyBauer2004,
    AUTHOR = {Awodey, S. and Bauer, A.},
     TITLE = {Propositions as [types]},
   JOURNAL = {J. Logic Comput.},
  FJOURNAL = {Journal of Logic and Computation},
    VOLUME = {14},
      YEAR = {2004},
    NUMBER = {4},
     PAGES = {447--471},
      ISSN = {0955-792X},
       DOI = {10.1093/logcom/14.4.447},
       URL = {http://dx.doi.org/10.1093/logcom/14.4.447},
}

@article {AwodeyWarren2009,
    AUTHOR = {Awodey, S. and Warren, M.},
     TITLE = {Homotopy theoretic models of identity types},
   JOURNAL = {Math. Proc. Cambridge Philos. Soc.},
  FJOURNAL = {Mathematical Proceedings of the Cambridge Philosophical Society},
    VOLUME = {146},
      YEAR = {2009},
    NUMBER = {1},
     PAGES = {45--55},
      ISSN = {0305-0041},
       DOI = {10.1017/S0305004108001783},
       URL = {http://dx.doi.org/10.1017/S0305004108001783},
}

@inproceedings{awodey2012inductive,
  title={Inductive types in homotopy type theory},
  author={Awodey, S. and Gambino, N. and Sojakova, K.},
  booktitle={Logic in Computer Science (LICS), 2012},
  pages={95--104},
  year={2012},
  organization={IEEE}
}

@article {vandenBerg2012,
    AUTHOR = {Berg, B. van den},
     TITLE = {Predicative toposes},
   JOURNAL = {To appear},
eprint={arXiv:1207.0959},
      YEAR = {2012},
}

@book {Borceux1994-2,
    AUTHOR = {Borceux, F.},
     TITLE = {Handbook of categorical algebra. 2},
    SERIES = {Encyclopedia of Mathematics and its Applications},
    VOLUME = {51},
      NOTE = {Categories and structures},
 PUBLISHER = {Cambridge University Press},
   ADDRESS = {Cambridge},
      YEAR = {1994},
     PAGES = {xviii+443},
      ISBN = {0-521-44179-X},
}

@article {DybjerSetzer2003,
    AUTHOR = {Dybjer, P. and Setzer, A.},
     TITLE = {Induction-recursion and initial algebras},
   JOURNAL = {Ann. Pure Appl. Logic},
  FJOURNAL = {Annals of Pure and Applied Logic},
    VOLUME = {124},
      YEAR = {2003},
    NUMBER = {1-3},
     PAGES = {1--47},
      ISSN = {0168-0072},
       DOI = {10.1016/S0168-0072(02)00096-9},
       URL = {http://dx.doi.org/10.1016/S0168-0072(02)00096-9},
}

@article {Diaconescu1975,
    AUTHOR = {Diaconescu, R.},
     TITLE = {Axiom of choice and complementation},
   JOURNAL = {Proc. Amer. Math. Soc.},
  FJOURNAL = {Proceedings of the American Mathematical Society},
    VOLUME = {51},
      YEAR = {1975},
     PAGES = {176--178},
      ISSN = {0002-9939},
}

@book{Bishop1967,
    AUTHOR = {Bishop, E.},
     TITLE = {Foundations of constructive analysis},
 PUBLISHER = {McGraw-Hill Book Co.},
      YEAR = {1967},
     PAGES = {xiii+370},
}

@article{DybjerSetzer2006,
    AUTHOR = {Dybjer, P. and Setzer, A.},
     TITLE = {Indexed induction-recursion},
   JOURNAL = {J. Log. Algebr. Program.},
  FJOURNAL = {The Journal of Logic and Algebraic Programming},
    VOLUME = {66},
      YEAR = {2006},
    NUMBER = {1},
     PAGES = {1--49},
      ISSN = {1567-8326},
       DOI = {10.1016/j.jlap.2005.07.001},
       URL = {http://dx.doi.org/10.1016/j.jlap.2005.07.001},
}

@InProceedings{AltenkirchEA2011,
  author = 	 {Altenkirch, T. and Forsberg, F. and Morris, P. and Setzer, A.},
  title = 	 {A categorical semantics for inductive-inductive definitions},
  booktitle =	 {CALCO 2011: Fourth International Conference on Algebra and Coalgebra in Computer Science},
  year =	 {2011},
  note =	 {to appear},
}

@article{GhaniHancock2011,
  AUTHOR =       {Ghani, N. and Hancock, P.},
  TITLE =        {An Algebraic Implementation of Induction Recursion and Indexed Induction Recursion},
  NOTE =         {To appear, submitted to \emph{Mathematical Structures in Computer Science}},
  URL =          {\url{https://personal.cis.strath.ac.uk/neil.ghani/pub.html}},
  YEAR =         {2011}
}

@InProceedings{Altenkirch1999,
  author = 	 {Altenkirch, T.},
  title = 	 {Extensional Equality in Intensional Type Theory},
  booktitle = 	 {14th Symposium on Logic in Computer Science},
  year =	 {1999},
  pages = { 412 -- 420 }
}

@book{JoyalMoerdijk1995,
    AUTHOR = {Joyal, A. and Moerdijk, I.},
     TITLE = {Algebraic set theory},
    SERIES = {London Mathematical Society Lecture Note Series},
    VOLUME = {220},
 PUBLISHER = {Cambridge University Press},
      YEAR = {1995},
     PAGES = {viii+123},
       DOI = {10.1017/CBO9780511752483},
       URL = {http://dx.doi.org/10.1017/CBO9780511752483},
}

@article{Chacholski1997,
    AUTHOR = {Chach{\'o}lski, W.},
     TITLE = {A generalization of the triad theorem of {B}lakers-{M}assey},
   JOURNAL = {Topology},
  FJOURNAL = {Topology. An International Journal of Mathematics},
    VOLUME = {36},
      YEAR = {1997},
    NUMBER = {6},
     PAGES = {1381--1400},
      ISSN = {0040-9383},
       DOI = {10.1016/S0040-9383(96)00045-6},
       URL = {http://dx.doi.org/10.1016/S0040-9383(96)00045-6},
}

@InProceedings{Dybjer1996,
  AUTHOR = {Dybjer, P.},
  TITLE = {Internal type theory},
  booktitle = {Types for proofs and programs},
  YEAR = {1996},
  SERIES = {Lecture Notes in Computer Science},
  VOLUME = {1158},
  PAGES = {120-134},
}

@article {Kock2011,
    AUTHOR = {Kock, Joachim},
     TITLE = {Polynomial functors and trees},
   JOURNAL = {Int. Math. Res. Not. IMRN},
  FJOURNAL = {International Mathematics Research Notices. IMRN},
      YEAR = {2011},
    NUMBER = {3},
     PAGES = {609--673},
      ISSN = {1073-7928},
   MRCLASS = {18D50 (18C20)},
  MRNUMBER = {2764874 (2012c:18018)},
MRREVIEWER = {Nicola Gambino},
       DOI = {10.1093/imrn/rnq068},
       URL = {http://dx.doi.org/10.1093/imrn/rnq068},
}

